% This file was created with JabRef 2.7.2.
% Encoding: MacRoman

@INBOOK{vonLaue1952,
  chapter = {Historical Introduction},
  pages = {1 -- 5},
  title = {International tables for X-ray Crystallography},
  publisher = {Kynoch Press},
  year = {1952},
  editor = {Norman F. M. Henry and Kathleen Lonsdale},
  author = {M. {von\ Laue}},
  volume = {I, Symmetry Groups},
  owner = {yaya},
  timestamp = {2012.11.03}
}

@ARTICLE{Allen1973,
  author = {Allen, F. H. and Kennard, O. and Motherwell, W. D. S. and Town, W.
	G. and Watson, D. G.},
  title = {Cambridge crystallographic data centre. II. Structural data file},
  journal = {J. Chem. Doc.},
  year = {1973},
  volume = {13},
  pages = {119--123},
  number = {3},
  owner = {yaya},
  publisher = {ACS Publications},
  timestamp = {2013.05.21}
}

@ARTICLE{Allmann1968,
  author = {Allmann, Rudolf},
  title = {Some remarks on reduced cells},
  journal = {Zeitschrift f{\"u}r Kristallographie-Crystalline Materials},
  year = {1968},
  volume = {126},
  pages = {272--276},
  number = {1-6},
  owner = {yaya},
  timestamp = {2015.05.02}
}

@ARTICLE{Andrews2001,
  author = {Andrews, L.},
  title = {{A template for the nearest neighbor problem}},
  journal = {C/C++ Users Journal},
  year = {2001},
  volume = {19},
  pages = {40 -- 49},
  note = {\url{http://sf.net/projects/neartree}},
  owner = {yaya},
  timestamp = {2009.09.04}
}

@ARTICLE{Andrews2013,
  author = {Andrews, Lawrence C and Bernstein, Herbert J},
  title = {The Geometry of Niggli Reduction: BGAOL, Embedding Niggli Reduction
	and Analysis of Boundaries },
  journal = {J. Appl. Cryst.},
  year = {2013},
  volume = {{to~appear}},
  owner = {yaya},
  timestamp = {2013.08.02}
}

@ARTICLE{Andrews2012,
  author = {Andrews, L. C. and Bernstein, H. J.},
  title = {The Geometry of Niggli Reduction},
  journal = {arXiv preprint arXiv:1203.5146},
  year = {2012},
  note = {\url{http://arxiv.org/abs/1203.5146}},
  owner = {yaya},
  timestamp = {2012.10.29}
}

@ARTICLE{Andrews1988,
  author = {L. C. Andrews and H. J. Bernstein},
  title = {Lattices and Reduced Cells as Points in 6-Space and Selection of
	{Bravais} Lattice Type by Projections},
  journal = {Acta Crystallogr.},
  year = {1988},
  volume = {A44},
  pages = {1009-1018},
  owner = {yaya},
  timestamp = {2011.10.22}
}

@ARTICLE{Andrews1976,
  author = {L. C. Andrews and H. J. Bernstein},
  title = {The squared power method to fit a plane to a set of points},
  journal = {Acta Crystallogr.},
  year = {1976},
  volume = {A32},
  pages = {504 -- 506},
  owner = {yaya},
  timestamp = {2011.10.31}
}

@ARTICLE{Andrews1980,
  author = {L. C. Andrews and H. J. Bernstein and G. A. Pelletier},
  title = {A perturbation stable cell comparison technique},
  journal = {Acta Crystallogr.},
  year = {1980},
  volume = {A36},
  pages = {248 -- 252},
  owner = {yaya},
  timestamp = {2011.11.06}
}

@INBOOK{Azaroff1958,
  chapter = {Chapter 11, Reduced cells and their application},
  pages = {124 -- 159},
  title = {The powder method in X-ray crystallography},
  publisher = {McGraw-Hill},
  year = {1958},
  editor = {L. V. Azaroff and M. J. Buerger},
  author = {L. V. Azaroff and M. J. Buerger},
  owner = {yaya},
  timestamp = {2011.12.31}
}

@ARTICLE{Beltrami1873,
  author = {E. Beltrami},
  title = {Sulle funzioni bilineari},
  journal = {Giornale di Matematiche ad Uso degli Studenti Delle Universita},
  year = {1873},
  volume = {11},
  pages = {98 -- 106},
  owner = {yaya},
  timestamp = {2011.11.10}
}

@ARTICLE{Berman2000,
  author = {H. M. Berman and J. Westbrook and Z. Feng and G. Gilliland and T.
	N. Bhat and H. Weissig and I. N. Shindyalov and P. E. Bourne},
  title = {{The Protein Data Bank}},
  journal = {Nucleic Acids Res.},
  year = {2000},
  volume = {28},
  pages = {235 -- 242},
  __markedentry = {[yaya]},
  owner = {yaya},
  timestamp = {2009.09.04}
}

@ARTICLE{Bernstein1977,
  author = {F. C. Bernstein and T. F. Koetzle and G. J. B. Williams and E. F.
	{Meyer, Jr.} and M. D. Brice and J. R. Rodgers and O. Kennard and
	T. Shimanouchi and M. Tasumi},
  title = {The Protein Data Bank: a computer-based archival file for macromolecular
	structures},
  journal = {J. Mol. Biol.},
  year = {1977},
  volume = {112},
  pages = {535 -- 542},
  __markedentry = {[yaya]},
  owner = {yaya},
  timestamp = {2009.09.04}
}

@ARTICLE{Bernstein1979,
  author = {Bernstein, H. J. and Andrews, L. C.},
  title = {The NIH-EPA Chemical Information System.},
  journal = {Database},
  year = {1979},
  volume = {2},
  pages = {35 -- 43},
  number = {1},
  owner = {yaya},
  publisher = {ERIC},
  timestamp = {2013.05.18}
}

@ARTICLE{Buerger1960,
  author = {M. J. Buerger},
  title = {Note on reduced cells},
  journal = {Zeitschrift f{\"u}r Kristallographie},
  year = {1960},
  volume = {113},
  pages = {52 -- 56},
  owner = {yaya},
  timestamp = {2011.10.31}
}

@ARTICLE{burchard1998history,
  author = {Burchard, U.},
  title = {History of the development of the crystallographic goniometer},
  journal = {The Mineralogical Record},
  year = {1998},
  volume = {29},
  pages = {517 -- 583},
  number = {6},
  owner = {yaya},
  timestamp = {2013.05.22}
}

@INBOOK{Burzlaff1992,
  chapter = {9. Crystal Lattices},
  pages = {734 -- 744},
  title = {International Tables for Crystallography, Vol. A},
  publisher = {Dordrecht: Kluwer Academic Publishers},
  year = {1992},
  editor = {T. Hahn},
  author = {H. Burzlaff and H. Zimmermann and P. M. de Wolff},
  owner = {yaya},
  timestamp = {2011.11.06}
}

@ARTICLE{Byram1996,
  author = {Byram, S. K. and Campana, C. F. and Fait, J. and Sparks, R. A.},
  title = {Using NIST Crystal Data Within Siemens Software for Four-Circle and
	SMART CCD Diffractometers},
  journal = {Journal of Research - National Institute of Standards and Technology},
  year = {1996},
  volume = {101},
  pages = {295 -- 300},
  owner = {yaya},
  timestamp = {2012.11.04}
}

@ARTICLE{Craigsubmitted,
  author = {P. A. Craig and B. Hanson and C. Westin and M. Rosa and H. J. Bernstein
	and A. Grier and M. Osipovitch and M. MacDonald and G. Dodge and
	P. M. Boli and C. W. Corwin and H. Kessler},
  title = {Estimation of Protein Function Using Template-Based Alignment of
	Enzyme Active Sites},
  journal = {B. M. C. Bioinformatics},
  year = {submitted},
  owner = {yaya},
  timestamp = {2013.05.26}
}

@ARTICLE{Delaunay1933,
  author = {B. N. Delaunay},
  title = {{Neue Darstellung der geometrices Kristallographie}},
  journal = {Zeitschrift f{\"u}r Kristallographie},
  year = {1933},
  volume = {84},
  pages = {109 -- 149},
  owner = {yaya},
  timestamp = {2011.12.27}
}

@ARTICLE{Delone1975,
  author = {B. N. Delone and R. V. Galiulin and M. I. Shtogrin},
  title = {On the Bravais types of lattices},
  journal = {Journal of Soviet Mathematics},
  year = {1975},
  volume = {4},
  pages = {79 -- 156},
  number = {1},
  owner = {yaya},
  publisher = {Springer},
  timestamp = {2018.07.29}
}

@ARTICLE{Donnay1943,
  author = {Donnay, J. D. H.},
  title = {Rules for the conventional orientation of crystals},
  journal = {Am. Mineral.},
  year = {1943},
  volume = {28},
  pages = {313},
  owner = {yaya},
  timestamp = {2013.05.21}
}

@BOOK{Donnay1963,
  title = {Crystal data: Determinative tables},
  publisher = {American crystallographic association the University of California},
  year = {1963},
  author = {Donnay, J. D. H. and Donnay, G. and Cox, E. X. and Kennard, O and
	King, M. V.},
  volume = {547},
  owner = {yaya},
  timestamp = {2013.05.21}
}

@UNPUBLISHED{Fait1993,
  author = {J. Fait},
  note = {Private Communication},
  year = {1993},
  owner = {yaya},
  timestamp = {2012.11.04}
}

@ARTICLE{Frechet1906,
  author = {Fr{\'e}chet, M Maurice},
  title = {Sur quelques points du calcul fonctionnel},
  journal = {Rend. Circ. Mat. Palermo},
  year = {1906},
  volume = {22},
  pages = {1 -- 72},
  number = {1},
  owner = {yaya},
  publisher = {Springer},
  timestamp = {2013.10.21}
}

@INBOOK{Gruber2006,
  chapter = {9.3, ``Further properties of lattices''},
  pages = {756 -- 760},
  title = {International Tables for Crystallography, Vol. A},
  publisher = {Wiley Online Library},
  year = {2006},
  editor = {T. Hahn},
  author = {B. Gruber},
  owner = {yaya},
  timestamp = {2011.11.06}
}

@ARTICLE{Gruber1997,
  author = {B. Gruber},
  title = {Classification of Lattices: a New Step},
  journal = {Acta Crystallogr.},
  year = {1997},
  volume = {A53},
  pages = {505 -- 521},
  owner = {yaya},
  timestamp = {2011.12.31}
}

@ARTICLE{Gruber1973,
  author = {B. Gruber},
  title = {The Relationship between Reduced Cells in a General Bravais lattice},
  journal = {Acta Crystallogr.},
  year = {1973},
  volume = {A29},
  pages = {433 -- 440},
  owner = {yaya},
  timestamp = {2011.10.21}
}

@BOOK{Helgason1962,
  title = {Differential Geometry and Symmetric Spaces},
  publisher = {Academic Press},
  year = {1962},
  author = {Helgason, S.},
  pages = {486pp.},
  address = {New York and London},
  owner = {yaya},
  timestamp = {2012.11.05}
}

@ARTICLE{Himes1987,
  author = {Himes, V. L. and Mighell, A. D.},
  title = {A matrix approach to symmetry},
  journal = {Acta Crystallogr.},
  year = {1987},
  volume = {A43},
  pages = {375 -- 384},
  number = {3},
  owner = {yaya},
  publisher = {International Union of Crystallography},
  timestamp = {2012.11.03}
}

@ARTICLE{Ho1986,
  author = {Ho, T. I. and Cheng, M. C. and Peng, S. M. and Chen, F. C. and Tsau,
	C. C.},
  title = {Structure of terpin},
  journal = {Acta Crystallogr.},
  year = {1986},
  volume = {C42},
  pages = {1787 -- 1789},
  number = {12},
  owner = {yaya},
  publisher = {International Union of Crystallography},
  timestamp = {2012.11.03}
}

@ARTICLE{Hosoya2000,
  author = {Hosoya, M.},
  title = {A finite group that derives all the 14 {Bravais} lattices as its
	subgroups},
  journal = {Acta Crystallogr.},
  year = {2000},
  volume = {A56},
  pages = {259--263},
  number = {3},
  owner = {yaya},
  publisher = {International Union of Crystallography},
  timestamp = {2012.10.29}
}

@ARTICLE{Hosoya1990,
  author = {M. Hosoya},
  title = {The Least Set of Conditions to Specify a Bravais Lattice Uniquely
	in its Parameter Space},
  journal = {Bulletin of the College of Science. University of the Ryukyus},
  year = {1990},
  volume = {50},
  pages = {1 -- 13},
  owner = {yaya},
  timestamp = {2011.11.10}
}

@BOOK{Ito1950,
  title = {X-ray studies on polymorphism},
  publisher = {Maruzen Co. Ltd.},
  year = {1950},
  author = {Ito, Teiichi},
  city = {Tokyo},
  owner = {yaya},
  timestamp = {2015.05.04}
}

@UNPUBLISHED{GGJohnson2013,
  author = {G. G. Johnson},
  note = {Private Communication},
  year = {2013}
}

@ARTICLE{Johnson2014,
  author = {Johnson, I and Bergamaschi, A and Billich, H and Cartier, S and Dinapoli,
	R and Greiffenberg, D and Guizar-Sicairos, M and Henrich, B and Jungmann,
	J and Mezza, D and others},
  title = {Eiger: a single-photon counting x-ray detector},
  journal = {Journal of Instrumentation},
  year = {2014},
  volume = {9},
  pages = {C05032},
  number = {05},
  owner = {yaya},
  publisher = {IOP Publishing},
  timestamp = {2015.01.13}
}

@ARTICLE{Jordan1874,
  author = {C. Jordan},
  title = {M{\'e}moire sur les formes bilin{\'e}aires},
  journal = {Journal de Math{\'e}matiques Pures et Appliqu{\'e}es, deuxi{\`e}me
	S{\'e}rie},
  year = {1874},
  volume = {19},
  pages = {35 -- 54},
  owner = {yaya},
  timestamp = {2011.11.10}
}

@UNPUBLISHED{Kabsch2013,
  author = {W. Kabsch},
  note = {private communication},
  month = {May},
  year = {2013},
  owner = {yaya},
  timestamp = {2013.05.21}
}

@ARTICLE{Kabsch2010,
  author = {W. Kabsch},
  title = {Integration, scaling, space-group assignment and post-refinement},
  journal = {Acta Crystallogr.},
  year = {2010},
  volume = {D66 (Pt 2)},
  pages = {133 -- 144},
  month = {February},
  part = {II},
  note = {PMCID: PMC2815666},
  owner = {yaya},
  timestamp = {2013.05.20}
}

@ARTICLE{Kabsch1993,
  author = {W. Kabsch},
  title = {Automatic Processing of Rotation Diffraction Data from Crystals of
	Initially Unknown Symmetry and Cell Constants},
  journal = {J. Appl. Crystallogr.},
  year = {1993},
  volume = {26},
  pages = {795 -- 800},
  owner = {yaya},
  timestamp = {2013.05.20}
}

@BOOK{Knuth1973,
  title = {Sorting and Searching (The Art of Computer Programming volume 3)},
  publisher = {Addison Wesley, Reading, MA},
  year = {1973},
  author = {Knuth, D. E},
  owner = {yaya},
  timestamp = {2013.05.21}
}

@ARTICLE{Trong2007,
  author = {{Le Trong}, I. and Stenkamp, R. E},
  title = {{An alternate description of two crystal structure of phospholipase
	$A_2$ from {\it Bungarus caeruleus}}},
  journal = {Acta Crystallogr.},
  year = {2007},
  volume = {D63},
  pages = {548 -- 549},
  owner = {yaya},
  timestamp = {2013.05.23}
}

@ARTICLE{Macicek1992,
  author = {J. Mac{\'\i}cek and A. Yordanov},
  title = {{BLAF}-a robust program for tracking out admittable {Bravais} lattice
	(s) from the experimental unit-cell data},
  journal = {J. Appl. Crystallogr.},
  year = {1992},
  volume = {25},
  pages = {73 -- 80},
  owner = {yaya},
  timestamp = {2011.12.31}
}

@ARTICLE{McGill2013,
  author = {K. J. McGill and M. Asadi and M. T. Karakasheva and L. C. Andrews
	and H. J. Bernstein},
  title = {Unit Cell Search Alternatives},
  journal = {In preparation},
  year = {2013},
  owner = {yaya},
  timestamp = {2013.05.18}
}

@ARTICLE{mighell2002lattice,
  author = {Mighell, A. D.},
  title = {Lattice Matching (LM)-Prevention of Inadvertent Duplicate Publications
	of Crystal Structures},
  journal = {J. Res. Natl. Inst. Stand. Technol.},
  year = {2002},
  volume = {107},
  pages = {425--430},
  number = {5},
  publisher = {UNITED STATES DEPT OF COMMERCE N IS T}
}

@ARTICLE{Mighell2001,
  author = {Mighell, A. D.},
  title = {Lattice symmetry and identification-The fundamental role of reduced
	cells in materials characterization},
  journal = {J. Res. Natl. Inst. Stand. Technol.},
  year = {2001},
  volume = {106},
  pages = {983--996},
  number = {6},
  owner = {yaya},
  timestamp = {2012.11.03}
}

@ARTICLE{Minkowski1905,
  author = {Minkowski, Hermann},
  title = {Diskontinuit{\"a}tsbereich f{\"u}r arithmetische {\"A}quivalenz.},
  journal = {Journal f{\"u}r die reine und angewandte Mathematik},
  year = {1905},
  volume = {129},
  pages = {220--274},
  owner = {yaya},
  timestamp = {2015.05.06}
}

@INPROCEEDINGS{Minor1997,
  author = {W. Minor and Z. Otwinowski},
  title = {Advances in accuracy and automation of data collection and processing},
  booktitle = {Proceedings of the IUCr computing school},
  year = {1997},
  owner = {yaya},
  timestamp = {2011.12.31}
}

@ARTICLE{Nash1956,
  author = {Nash, J.},
  title = {The imbedding problem for Riemannian manifolds},
  journal = {Ann. of Math},
  year = {1956},
  volume = {63},
  pages = {20 -- 63},
  number = {1},
  owner = {yaya},
  timestamp = {2012.10.29}
}

@MISC{Niggli1928,
  author = {P. Niggli},
  title = {{Krystallographische und Strukturtheoretische Grundbegriffe, Handbuch
	der Experimentalphysik, Vol. 7, part 1}},
  howpublished = {Akademische Verlagsgesellschaft, Leipzig},
  year = {1928},
  owner = {yaya},
  timestamp = {2011.10.31}
}

@INBOOK{NIH/EPA1980,
  chapter = {{User's Guide to {CRYST} The X-Ray Crystallographic Search System}},
  title = {User's Manual NIH-EPA Chemical Information System},
  publisher = {National Institutes of Health, Environmental Protections Agency},
  year = {1980},
  author = {NIH/EPA},
  owner = {yaya},
  timestamp = {2013.05.18}
}

@ARTICLE{Oishi-Tomiyasu2012,
  author = {R. Oishi-Tomiyasu},
  title = {Rapid {Bravais}-lattice determination algorithm for lattice parameters
	containing large observation errors},
  journal = {Acta Crystallogr.},
  year = {2012},
  volume = {A68},
  pages = {525 -- 535},
  number = {5},
  owner = {yaya},
  publisher = {International Union of Crystallography},
  timestamp = {2012.10.29}
}

@ARTICLE{Patterson1957,
  author = {Patterson, AL and Love, WARNER E},
  title = {Remarks on the Delaunay reduction},
  journal = {Acta Crystallographica},
  year = {1957},
  volume = {10},
  pages = {111--116},
  number = {2},
  owner = {yaya},
  publisher = {International Union of Crystallography},
  timestamp = {2015.05.07}
}

@BOOK{Pearson1958,
  title = {Handbook of Lattice Spacings and Structures of Metals and Alloys},
  publisher = {Pergamon Press},
  year = {1958},
  author = {Pearson, W. B.},
  series = {International Series of Monographs on Metal and Physics and Physical
	Metallurgy, G. V. Raynor (ed.)},
  owner = {yaya},
  timestamp = {2013.05.25}
}

@TECHREPORT{Ramraj2011,
  author = {V. Ramraj and R. Esnouf and J. Diprose},
  title = {{{Nearest-Cell} A fast and easy tool for locating crystal matches
	in the {PDB}}},
  institution = {Division of Structural Biology, University of Oxford},
  year = {2011},
  note = {\url{http://www.strubi.ox.ac.uk/nearest-cell/nearest-cell.cgi}},
  owner = {yaya},
  timestamp = {2013.05.18}
}

@INPROCEEDINGS{Rodgers1992,
  author = {J. R. Rodgers and Y. {Le\ Page}},
  title = {{Robust and Discriminating Search Parameters for Lattice Retrieval
	from Crystallographic Databases in the Presences of Large Experimental
	Uncertainties}},
  booktitle = {American Crystallographic Association 1992 Annual Meeting and Pittsburgh
	Diffraction Conference 50th Annual Meeting, 9 -- 14 August 1992},
  year = {1992},
  note = {Poster Abstract PA106},
  owner = {yaya},
  timestamp = {2012.10.31}
}

@TECHREPORT{Roof1967,
  author = {Roof, R. B. Jr.},
  title = {Theoretical Extension of the Reduced-Cell Concept in Crystallography},
  institution = {Los Alamos Scientific Lab., NM},
  year = {1967},
  number = {LA-4038, TID-4500},
  note = {\url{http://lib-www.lanl.gov/cgi-bin/getfile?00378045.pdf}},
  owner = {yaya},
  timestamp = {2011.11.06}
}

@ARTICLE{igut,
  author = {Sch{\"u}ttelkopf, Alexander W and Harrison, Jennifer A and Boxer,
	David H and Hunter, William N},
  title = {Passive Acquisition of Ligand by the MopII Molbindin fromClostridium
	pasteurianum: structures of apo and oxygen-bound forms},
  journal = {J. Biol. Chem.},
  year = {2002},
  volume = {277},
  pages = {15013--15020},
  number = {17},
  owner = {yaya},
  publisher = {ASBMB},
  timestamp = {2013.05.26}
}

@BOOK{Seeber1831,
  title = {Untersuchungen {\"u}ber die Eigenschaften der positiven tern{\ae}ren
	quadratischen Formen},
  publisher = {Tobais L{\oe}ffler},
  year = {1831},
  author = {L. A. Seeber},
  volume = {1},
  pages = {248 pp.},
  series = {Mathematische Abhandlungen von Ludwig August Seeber},
  address = {Mannheim},
  owner = {yaya},
  timestamp = {2011.12.31}
}

@ARTICLE{Selling1874,
  author = {Eduard Selling},
  title = {{{\"U}ber die bin{\"a}ren und tern{\"a}ren quadratischen Formen.}},
  journal = {Journal f{\"u}r die reine und angewandte Mathematik (Crelle's Journal)},
  year = {1874},
  volume = {1874},
  pages = {143 -- 229},
  number = {77},
  owner = {yaya},
  timestamp = {2011.12.31}
}

@ARTICLE{1g2x,
  author = {Singh, G. and Gourinath, S. and Saravanan, K. and Sharma, S. and
	Bhanumathi, S. and Betzel, Ch. and Srinivasan, A. and Singh, T. P.},
  title = {Sequence-induced trimerization of phospholipase A2: structure of
	a trimeric isoform of PLA2 from common krait (Bungarus caeruleus)
	at 2.5 A resolution},
  journal = {Acta Crystallogr.},
  year = {2004},
  volume = {F61},
  pages = {8 -- 13},
  number = {1},
  owner = {yaya},
  publisher = {International Union of Crystallography},
  timestamp = {2013.05.26}
}

@ARTICLE{1u4j,
  author = {Singh, G. and Gourinath, S. and Sarvanan, K. and Sharma, S. and Bhanumathi,
	S. and Betzel, Ch. and Yadav, S. and Srinivasan, A. and Singh, T.
	P.},
  title = {{Crystal structure of a carbohydrate induced homodimer of phospholipase
	A2 from Bungarus caeruleus at 2.1A resolution}},
  journal = {J. Struct. Biol.},
  year = {2005},
  volume = {149},
  pages = {264 -- 272},
  number = {3},
  owner = {yaya},
  timestamp = {2013.05.26}
}

@ARTICLE{1fe5,
  author = {Singh, G. and Gourinath, S. and Sharma, S. and Paramasivam, M. and
	Srinivasan, A. and Singh, T. P.},
  title = {Sequence and crystal structure determination of a basic phospholipase
	A2 from common krait (< i> Bungarus caeruleus</i>) at 2.4 {\AA} resolution:
	identification and characterization of its pharmacological sites},
  journal = {J. Mol. Biol.},
  year = {2001},
  volume = {307},
  pages = {1049 -- 1059},
  number = {4},
  owner = {yaya},
  publisher = {Elsevier},
  timestamp = {2013.05.26}
}

@BOOK{Skiena2001,
  title = {The algorithm design manual},
  publisher = {Springer, New York, NY, USA},
  year = {2001},
  author = {Skiena, S. S.},
  owner = {yaya},
  timestamp = {2013.05.21}
}

@ARTICLE{Stewart1993,
  author = {G. W. Stewart},
  title = {On the early history of the singular value decomposition},
  journal = {SIAM Review},
  year = {1993},
  pages = {551 -- 566},
  owner = {yaya},
  timestamp = {2011.11.09}
}

@ARTICLE{Thomas2010,
  author = {Thomas, I. R. and Bruno, I. J. and Cole, J. C. and Macrae, C. F.
	and Pidcock, E. and Wood, P. A.},
  title = {{WebCSD}: the online portal to the {Cambridge Structural Database}},
  journal = {J. Appl. Crystallogr.},
  year = {2010},
  volume = {43},
  pages = {362--366},
  number = {2},
  owner = {yaya},
  publisher = {International Union of Crystallography},
  timestamp = {2013.05.18}
}

@UNPUBLISHED{Toby1994,
  author = {B. Toby},
  note = {Private Communication},
  year = {1994},
  owner = {yaya},
  timestamp = {2012.11.03}
}

@ARTICLE{Wong-Ng1982,
  author = {Wong-Ng, W. and Holomany, M. and McClune, W.F. and Hubbard, C.R.},
  title = {The JCPDS Database--Present and Future},
  journal = {{Advances in X Ray Analysis}},
  year = {1982},
  volume = {26},
  pages = {87},
  owner = {yaya},
  publisher = {Plenum Press},
  timestamp = {2012.11.04}
}

@BOOK{wyckoff1931structure,
  title = {The structure of crystals},
  publisher = {The Chemical Catalog Company, Inc.},
  year = {1931},
  author = {Wyckoff, R. W. G.},
  number = {19}
}

@ARTICLE{Zimmermann1985,
  author = {H. Zimmermann and H. Burzlaff},
  title = {{{DELOS} -- A computer program for the determination of a unique
	conventional cell}},
  journal = {Zeitschrift f{\"u}r Kristallographie},
  year = {1985},
  volume = {170},
  pages = {241 -- 246},
  owner = {yaya},
  timestamp = {2011.12.31}
}

@INBOOK{ASocietyofGentlemen1771,
  chapter = {Geography},
  pages = {677},
  title = {{Encyclop{\ae}dia Britannica or, a Dictionary of Arts and Sciences,
	Compiled upon a New Plan}},
  publisher = {A. Bell and C. Macfarquhar},
  year = {1771},
  editor = {{{A Society of Gentlemen in Scotland}}},
  volume = {II},
  number = {54},
  owner = {yaya},
  timestamp = {2012.11.04}
}

@INBOOK{Henry1952,
  chapter = {5.1 Reduction of General Primitive Reciprocal-lattice Triplet to
	the Corresponding Conventional Bravais-lattice Triplet},
  pages = {530 -- 535},
  title = {International tables for X-ray Crystallography},
  publisher = {Kynoch Press},
  year = {1952},
  editor = {Norman F. M. Henry and Kathleen Lonsdale},
  volume = {I, Symmetry Groups},
  owner = {yaya},
  timestamp = {2015.05.04}
}

@comment{jabref-meta: selector_publisher:}

@comment{jabref-meta: selector_author:}

@comment{jabref-meta: selector_journal:}

@comment{jabref-meta: selector_keywords:}

