@article{dirichlet1850,
	title={Uber die Reduktion der positiven quadratischen Formen mit drei unbestimmten ganzen Zahlen},
	author={Dirichlet, Gustav Lejeune},
	journal={J. reine angew. Math.},
	volume={40},
	pages={209},
	year={1850}
}

@article{Voronoi1908,
	author = {Voronoi, Georges},
	journal = {Journal f{\"u}r die reine und angewandte Mathematik},
	pages = {97-178},
	title = {Nouvelles applications des param{\`e}tres continus {\`a} la th{\'e} orie des formes quadratiques. Premier m{\'e}moire. Sur quelques propri{\'e}t√©s des formes quadratiques positives parfaites.},
	note = {http://eudml.org/doc/149276},
	volume = {133},
	year = {1908},
}

@INBOOK{Henry1952,
	chapter = {5.1 Reduction of General Primitive Reciprocal-lattice Triplet to
	the Corresponding Conventional Bravais-lattice Triplet},
	pages = {530 -- 535},
	title = {International Tables for X-ray Crystallography},
	publisher = {Kynoch Press},
	year = {1952},
	editor = {Norman F. M. Henry and Kathleen Lonsdale},
	volume = {I, Symmetry Groups},
	owner = {yaya},
	timestamp = {2015.05.04}
}

@article{berman2000,
	title={The Protein Data Bank and the challenge of structural genomics},
	author={Berman, Helen M and Bhat, Talapady N and Bourne, Philip E and Feng, Zukang and Gilliland, Gary and Weissig, Helge and Westbrook, John},
	journal={Nature Structural \& Molecular Biology},
	volume={7},
	number={11s},
	pages={957},
	year={2000},
	publisher={Nature Publishing Group}
}

@article{bernstein1977,
	title={The Protein Data Bank: a computer-based archival file for macromolecular structures},
	author={Bernstein, Frances C and Koetzle, Thomas F and Williams, Graheme JB and Meyer Jr, Edgar F and Brice, Michael D and Rodgers, John R and Kennard, Olga and Shimanouchi, Takehiko and Tasumi, Mitsuo},
	journal={Journal of Molecular Biology},
	volume={112},
	number={3},
	pages={535--542},
	year={1977},
	publisher={Elsevier}
}

@ARTICLE{andrews2019,
	author = {Andrews, Lawrence C and Bernstein, Herbert J and Sauter, Nicolas	K},
	title = {The Selling Reduction in Crystallography},
	journal = {Acta Cryst.},
	volume={A75},
	year = {2019},
	publisher = {Wiley Online Library},
	note = {https://doi.org/10.1107/S2053273318015413}
}

@article{andrews2019b,
	title={A space for lattice representation and clustering},
	author={Andrews, Lawrence C and Bernstein, Herbert J and Sauter, Nicholas K},
	journal={Acta Cryst.},
	volume={A75},
	number={3},
	pages={593--599},
	year={2019},
	publisher={International Union of Crystallography}
}
@article{andrews2014,
	title={The geometry of Niggli reduction: BGAOL--embedding Niggli reduction and analysis of boundaries},
	author={Andrews, Lawrence C and Bernstein, Herbert J},
	journal={Journal of applied crystallography},
	volume={47},
	number={1},
	pages={346--359},
	year={2014},
	publisher={Wiley Online Library}
}

@article{Burzlaff1985,
	title={On the metrical properties of lattices},
	author={Burzlaff, H and Zimmermann, H},
	journal={Zeitschrift f{\"u}r Kristallographie-Crystalline Materials},
	volume={170},
	number={1-4},
	pages={247--262},
	year={1985},
	publisher={De Gruyter Oldenbourg}
}

@InBook{Burzlaff1992,
  chapter   = {9. Crystal Lattices},
  pages     = {734 -- 744},
  title     = {International Tables for Crystallography, Vol. A},
  publisher = {Dordrecht: Kluwer Academic Publishers},
  year      = {1992},
  author    = {H. Burzlaff and H. Zimmermann and P. M. de Wolff},
  owner     = {yaya},
  timestamp = {2011.11.06},
}

@InBook{Burzlaff2016,
	title={Crystal lattices},
	author={Burzlaff, H and Grimmer, H and Gruber, B and de Wolff, PM and Zimmermann, H},
	journal={International Tables for Crystallography},
	pages={698--719},
	year={2016},
	publisher={Wiley Online Library}
}

@article{byram1996,
title={Using nist crystal data within siemens software for four-circle and smart ccd diffractometers},
author={Byram, Susan K and Campana, Charles F and Fait, James and Sparks, Robert A},
journal={Journal of research of the National Institute of Standards and Technology},
volume={101},
number={3},
pages={295},
year={1996},
publisher={National Institute of Standards and Technology},
note={https://www.ncbi.nlm.nih.gov/pmc/articles/PMC4894605/}
}

@Book{Seeber1831,
  Title                    = {Untersuchungen {\"u}ber die Eigenschaften der positiven tern{\ae}ren quadratischen Formen},
  Author                   = {Ludwig August Seeber},
  Publisher                = {Tobais L{\oe}ffler},
  Year                     = {1831},
  Address                  = {Mannheim},
  Series                   = {Mathematische Abhandlungen von Ludwig August Seeber},
  Volume                   = {1},
  Owner                    = {yaya},
  Pages                    = {248 pp.},
  Timestamp                = {2011.12.31}
}

@Article{Selling1874,
  Title                    = {{{\"U}ber die bin{\"a}ren und tern{\"a}ren quadratischen Formen.}},
  Author                   = {Eduard Selling},
  Journal                  = {Journal f{\"u}r die reine und angewandte Mathematik (Crelle's Journal)},
  Year                     = {1874},
  Number                   = {77},
  Pages                    = {143 -- 229},
  Volume                   = {1874},
  Owner                    = {yaya},
  Timestamp                = {2011.12.31}
}

@Article{Delone1933,
	Title                    = {{Neue Darstellung der geometrices Kristallographie}},
	Author                   = {Boris Nikolaevich Delone},
	Journal                  = {Zeitschrift f{\"u}r Kristallographie},
	Year                     = {1933},
	Pages                    = {109 -- 149},
	Volume                   = {84},
	Owner                    = {yaya},
	Timestamp                = {2011.12.27}
}

@Article{Delone1975,
	Title                    = {ON THE BRAVAIS TYPES OF LATTICES},
	Author                   = {Boris Nikolaevich Delone and R. V. Galiulin and M. I. Shtogrin},
	Journal                  = {Journal of Soviet Mathematics},
	Year                     = {1975},
	Number                   = {1},
	Pages                    = {79-156},
	Volume                   = {4},
	Abstract                 = {The principal achievement of Bravais - the separation of lattices into 14
	types and the derivation of the so-called Bravais parallelepipeds for these
	types [32] -- had an immense significance for the whole of geometric crystallography.
	This work can be put into line with such notable achievements as the
	derivation of the 32 crystal classes, 47 simple forms, and 230 spatial groups.
	At the present time 4-dimensional and n-dimensional crystallography are
	being strongly developed, which are now difficult to construct on the basis of
	the elementary-geometric considerations used in 3-dimensional crystallography.
	The basis method in n-dimensional crystallography today is the so-called arithmetic
	method, i.e., the application of finite groups of integral matrices. The
	most important application of this method was, in its time (1948),that by Zassenhaus
	[54] who showed that if all the nonequivalent n-dimensional groups of integral
	matrices are known for any n, then all the n-dimensional Fedorov groups are
	now obtained automatically. But at the present time (1971), the German scientists
	Wondratschek, Neub~ser, and B~low have obtained by this method the far from-
	easy-to-get solution to the problem of 4-dimensional Bravais types of lattices
	[34, 47, 53].
	In the present paper we dwell in detail only on those aspects of the arithmetic
	method which are directly connected with Bravais' papers. At the end we
	give two further directions in the development of the arithmetic method, one of
	which is connected with the use of the so-called perfect polytope of Voronoi [6],
	while the other, particularly important as far as we are concerned, is connected
	with the analysis of the absolute region of reduction.
	In conclusion the authors can report with satisfaction on the recent great
	achievement of Ryshkov who, using the methods described, found once again all
	the 4-dimensional Bravais types as well as the Bravais types of 5-dimensional
	lattices.},
	Doi                      = {doi.org/10.1007/BF01084661},
	Owner                    = {lca},
	Timestamp                = {2017.12.28}
}

@techreport{lawton1965,
	title={The reduced cell and its crystallographic applications},
	author={Lawton, Stephen L and Jacobson, Robert A},
	year={1965},
	institution={Ames Lab., Iowa State Univ. of Science and Tech., IA (United States)}
}

@Misc{Niggli1928,
	Title                    = {{Krystallographische und Strukturtheoretische Grundbegriffe, Handbuch der Experimentalphysik, Vol. 7, part 1}},
	Author                   = {Paul Niggli},
	HowPublished             = {Akademische Verlagsgesellschaft, Leipzig},
	Year                     = {1928},
	Owner                    = {yaya},
	Timestamp                = {2011.10.31}
}

@Article{Patterson1957,
	Title                    = {Remarks on the Delaunay reduction},
	Author                   = {Patterson, Arthur Lindo and Love, Warner E.},
	Journal                  = {Acta Cryst.},
	Year                     = {1957},
	Number                   = {2},
	Pages                    = {111--116},
	Volume                   = {10},
	Owner                    = {yaya},
	Publisher                = {International Union of Crystallography},
	Timestamp                = {2017.12.28}
}

@article{Bravais1850,
	title={Les syst\`emes form\'es par des pointes distribu\'es reguli\`erement sur un plan ou dans l'\'espace.},
	author={Bravais, Auguste},
	journal={J. Ecole. Polytech.},
	pages={1--128},
	year={1850}
}

@book{Eisenstein1851,
	title={Tabelle der reducirten positiven tern{\"a}ren quadratischen Formen: nebst den Resultaten neuer Forschungen {\"u}ber diese Formen},
	author={Eisenstein, Gotthold},
	year={1851},
	publisher={G. Reimer}
}

@book{Hauy1784,
	title={Essai d'une th\'eorie sur la structure des crystaux.},
	author={Ha{\"u}y, Ren{\'e} Just},
	year={1784},
	publisher={Chez Gogu{\'e} \& N{\'e}e de la Rochelle}
}


@Article{Trong2007,
  author    = {{Le Trong}, I. and Stenkamp, R. E},
  title     = {{An alternate description of two crystal structure of phospholipase $A_2$ from {\it Bungarus caeruleus}}},
  journal   = {Acta Cryst.},
  year      = {2007},
  volume    = {D63},
  pages     = {548 -- 549},
  owner     = {yaya},
  timestamp = {2013.05.23},
}

@Article{tomiyasu2012,
  author    = {R. Oishi-Tomiyasu},
  title     = {Rapid {Bravais}-lattice determination algorithm for lattice parameters containing large observation errors},
  journal   = {Acta Cryst.},
  year      = {2012},
  volume    = {A68},
  number    = {5},
  pages     = {525 -- 535},
  owner     = {yaya},
  publisher = {International Union of Crystallography},
  timestamp = {2012.10.29},
}
@article{mcgill2014,
	title={The geometry of Niggli reduction: SAUC--search of alternative unit cells},
	author={McGill, Keith J and Asadi, Mojgan and Karakasheva, Maria T and Andrews, Lawrence C and Bernstein, Herbert J},
	journal={J. Appl. Cryst.},
	volume={47},
	number={1},
	pages={360--364},
	year={2014},
	publisher={International Union of Crystallography}
}
@article{oishi2014,
	title={Robust powder auto-indexing using many peaks},
	author={Oishi-Tomiyasu, R},
	journal={J. Appl. Cryst.},
	volume={47},
	number={2},
	pages={593--598},
	year={2014},
	publisher={International Union of Crystallography}
}
