% Encoding: UTF-8

@ARTICLE{andrews2019a,
	author = {Andrews, Lawrence C and Bernstein, Herbert J and Sauter, Nicolas K},
	title={Selling reduction versus Niggli reduction for crystallographic lattices},
	journal={Acta Cryst.},
	year={2019},
	volume = {A75},
	pages= {115 -- 120},
	publisher={Wiley Online Library}
}

@article{andrews2019b,
	title={A space for lattice representation and clustering},
	author={Andrews, Lawrence C and Bernstein, Herbert J and Sauter, Nicholas K},
	journal={Acta Crystallographica Section A: Foundations and Advances},
	volume={75},
	number={3},
	pages={593--599},
	year={2019},
	publisher={International Union of Crystallography}
}

@article{andrews2020converting,
	title={Converting three-space matrices to equivalent six-space matrices for Delone scalars in S6},
	author={Andrews, Lawrence C and Bernstein, Herbert J and Sauter, Nicholas K},
	journal={Acta Crystallographica Section A: Foundations and Advances},
	volume={76},
	number={1},
	year={2020},
	publisher={International Union of Crystallography}
}

@InBook{Burzlaff2016,
	title={Crystal lattices},
	author={Burzlaff, H and Grimmer, H and Gruber, B and de Wolff, PM and Zimmermann, H},
	journal={International tables for crystallography},
	pages={698--719},
	year={2016},
	publisher={Wiley Online Library}
}

@Book{Seeber1831,
  Title                    = {Untersuchungen {\"u}ber die Eigenschaften der positiven tern{\ae}ren quadratischen Formen},
  Author                   = {Ludwig August Seeber},
  Publisher                = {Tobais L{\oe}ffler},
  Year                     = {1831},
  Address                  = {Mannheim},
  Series                   = {Mathematische Abhandlungen von Ludwig August Seeber},
  Volume                   = {1},
  Owner                    = {yaya},
  Pages                    = {248 pp.},
  Timestamp                = {2011.12.31}
}

@Article{Selling1874,
  Title                    = {{{\"U}ber die bin{\"a}ren und tern{\"a}ren quadratischen Formen.}},
  Author                   = {Eduard Selling},
  Journal                  = {Journal f{\"u}r die reine und angewandte Mathematik (Crelle's Journal)},
  Year                     = {1874},
  Number                   = {77},
  Pages                    = {143 -- 229},
  Volume                   = {1874},
  Owner                    = {yaya},
  Timestamp                = {2011.12.31}
}

@Misc{Niggli1928,
	Title                    = {{Krystallographische und Strukturtheoretische Grundbegriffe, Handbuch der Experimentalphysik, Vol. 7, part 1}},
	Author                   = {Paul Niggli},
	HowPublished             = {Akademische Verlagsgesellschaft, Leipzig},
	Year                     = {1928},
	Owner                    = {yaya},
	Timestamp                = {2011.10.31}
}

@Article{Patterson1957,
	Title                    = {Remarks on the Delaunay reduction},
	Author                   = {Patterson, Arthur Lindo and Love, Warner E.},
	Journal                  = {Acta Crystallogr.},
	Year                     = {1957},
	Number                   = {2},
	Pages                    = {111--116},
	Volume                   = {10},
	Owner                    = {yaya},
	Publisher                = {International Union of Crystallography},
	Timestamp                = {2017.12.28}
}

@article{Bravais1850,
	title={Les syst\`emes form\'es par des pointes distribu\'es reguli\`erement sur un plan ou dans l'\'espace.},
	author={Bravais, Auguste},
	journal={J. Ecole. Polytech.},
	pages={1 -- 128},
	year={1850}
}

@book{Eisenstein1851,
	title={Tabelle der reducirten positiven tern{\"a}ren quadratischen Formen: nebst den Resultaten neuer Forschungen {\"u}ber diese Formen},
	author={Eisenstein, Gotthold},
	year={1851},
	publisher={G. Reimer}
}

@book{Hauy1784,
	title={Essai d'une th\'eorie sur la structure des crystaux.},
	author={Ha{\"u}y, Ren{\'e} Just},
	year={1784},
	publisher={Chez Gogu{\'e} \& N{\'e}e de la Rochelle}
}


@InBook{vonLaue1952,
  chapter   = {Historical Introduction},
  pages     = {1 -- 5},
  title     = {International tables for X-ray Crystallography},
  publisher = {Kynoch Press},
  year      = {1952},
  author    = {M. {von\ Laue}},
  editor    = {Norman F. M. Henry and Kathleen Lonsdale},
  volume    = {I, Symmetry Groups},
  owner     = {yaya},
  timestamp = {2012.11.03},
}

@Article{Allen1973,
  author    = {Allen, F. H. and Kennard, O. and Motherwell, W. D. S. and Town, W. G. and Watson, D. G.},
  title     = {Cambridge crystallographic data centre. II. Structural data file},
  journal   = {J. Chem. Doc.},
  year      = {1973},
  volume    = {13},
  number    = {3},
  pages     = {119 -- 123},
  owner     = {yaya},
  publisher = {ACS Publications},
  timestamp = {2013.05.21},
}

@article{andrews2016neartree,
	title={NearTree, a data structure and a software toolkit for the nearest-neighbor problem},
	author={Andrews, Lawrence C and Bernstein, Herbert J},
	journal={Journal of applied crystallography},
	volume={49},
	number={3},
	pages={756--761},
	year={2016},
	publisher={Wiley Online Library}
}

@Article{Allmann1968,
  author    = {Allmann, Rudolf},
  title     = {Some remarks on reduced cells},
  journal   = {Z.  Krystallogr.-Crystalline Materials},
  year      = {1968},
  volume    = {126},
  number    = {1-6},
  pages     = {272--276},
  owner     = {yaya},
  timestamp = {2015.05.02},
}

@Article{Andrews2001,
  author    = {Andrews, L.},
  title     = {{A template for the nearest neighbor problem}},
  journal   = {C/C++ Users Journal},
  year      = {2001},
  volume    = {19},
  pages     = {40 -- 49},
  note      = {\url{http://sf.net/projects/neartree}},
  owner     = {yaya},
  timestamp = {2009.09.04},
}

@article{andrews2014,
	title={The geometry of Niggli reduction: BGAOL--embedding Niggli reduction and analysis of boundaries},
	author={Andrews, Lawrence C and Bernstein, Herbert J},
	journal={J. Appl. Crystallogr.},
	volume={47},
	number={1},
	pages={346 -- 359},
	year={2014},
	publisher={Wiley Online Library}
}

@Article{Andrews2012,
  author    = {Andrews, L. C. and Bernstein, H. J.},
  title     = {The Geometry of Niggli Reduction},
  journal   = {arXiv preprint arXiv:1203.5146},
  year      = {2012},
  note      = {\url{http://arxiv.org/abs/1203.5146}},
  owner     = {yaya},
  timestamp = {2012.10.29},
}

@article{andrews2019space,
	title={A space for lattice representation and clustering},
	author={Andrews, Lawrence C and Bernstein, Herbert J and Sauter, Nicholas K},
	journal={Acta Crystallographica Section A: Foundations and Advances},
	volume={75},
	number={3},
	pages={593--599},
	year={2019},
	publisher={International Union of Crystallography}
}

@Article{Andrews1976,
  author    = {L. C. Andrews and H. J. Bernstein},
  title     = {The squared power method to fit a plane to a set of points},
  journal   = {Acta Crystallogr.},
  year      = {1976},
  volume    = {A32},
  pages     = {504 -- 506},
  owner     = {yaya},
  timestamp = {2011.10.31},
}

@Article{Andrews1980,
  author    = {L. C. Andrews and H. J. Bernstein and G. A. Pelletier},
  title     = {A perturbation stable cell comparison technique},
  journal   = {Acta Crystallogr.},
  year      = {1980},
  volume    = {A36},
  pages     = {248 -- 252},
  owner     = {yaya},
  timestamp = {2011.11.06},
}

@article{Andrews1988,
	title={Lattices and reduced cells as points in 6-space and selection of Bravais lattice type by projections},
	author={Andrews, Lawrence C and Bernstein, Herbert J},
	journal={Acta Crystallogr.},
	volume={A44},
	number={6},
	pages={1009 -- 1018},
	year={1988},
	publisher={Wiley Online Library}
}

@article{Burzlaff1985,
	title={On the metrical properties of lattices},
	author={Burzlaff, H and Zimmermann, H},
	journal={Zeitschrift f{\"u}r Kristallographie-Crystalline Materials},
	volume={170},
	number={1-4},
	pages={247--262},
	year={1985},
	publisher={De Gruyter Oldenbourg}
}

@InBook{Burzlaff1992,
  chapter   = {9. Crystal Lattices},
  pages     = {734 -- 744},
  title     = {International Tables for Crystallography, Vol. A},
  publisher = {Dordrecht: Kluwer Academic Publishers},
  year      = {1992},
  author    = {H. Burzlaff and H. Zimmermann and P. M. de Wolff},
  owner     = {yaya},
  timestamp = {2011.11.06},
}



@Article{Delone1933,
	Title                    = {{Neue Darstellung der geometrices Kristallographie}},
	Author                   = {Boris Nikolaevich Delone},
	Journal                  = {Z.  Krystallogr.},
	Year                     = {1933},
	Pages                    = {109 -- 149},
	Volume                   = {84},
	Owner                    = {yaya},
	Timestamp                = {2011.12.27}
}

@Article{Delone1975,
  author    = {B. N. Delone and R. V. Galiulin and M. I. Shtogrin},
  title     = {On the Bravais types of lattices},
  journal   = {J. Sov. Math.},
  year      = {1975},
  volume    = {4},
  number    = {1},
  pages     = {79 -- 156},
  owner     = {yaya},
  publisher = {Springer},
  timestamp = {2018.07.29},
}


@InBook{Gruber2006,
  chapter   = {9.3, ``Further properties of lattices''},
  pages     = {756 -- 760},
  title     = {International Tables for Crystallography, Vol. A},
  publisher = {Wiley Online Library},
  year      = {2006},
  author    = {B. Gruber},
  editor    = {T. Hahn},
  owner     = {yaya},
  timestamp = {2011.11.06},
}

@Article{Gruber1997,
  author    = {B. Gruber},
  title     = {Classification of Lattices: a New Step},
  journal   = {Acta Crystallogr.},
  year      = {1997},
  volume    = {A53},
  pages     = {505 -- 521},
  owner     = {yaya},
  timestamp = {2011.12.31},
}

@Article{Gruber1973,
  author    = {B. Gruber},
  title     = {The Relationship between Reduced Cells in a General Bravais lattice},
  journal   = {Acta Crystallogr.},
  year      = {1973},
  volume    = {A29},
  pages     = {433 -- 440},
  owner     = {yaya},
  timestamp = {2011.10.21},
}


@Article{Himes1987,
  author    = {Himes, V. L. and Mighell, A. D.},
  title     = {A matrix approach to symmetry},
  journal   = {Acta Crystallogr.},
  year      = {1987},
  volume    = {A43},
  number    = {3},
  pages     = {375 -- 384},
  owner     = {yaya},
  publisher = {International Union of Crystallography},
  timestamp = {2012.11.03},
}


@Article{Macicek1992,
  author    = {J. Mac{\'\i}cek and A. Yordanov},
  title     = {{BLAF}-a robust program for tracking out admittable {Bravais} lattice (s) from the experimental unit-cell data},
  journal   = {J. Appl. Crystallogr.},
  year      = {1992},
  volume    = {25},
  pages     = {73 -- 80},
  owner     = {yaya},
  timestamp = {2011.12.31},
}

@Article{McGill2013,
  author    = {K. J. McGill and M. Asadi and M. T. Karakasheva and L. C. Andrews and H. J. Bernstein},
  title     = {Unit Cell Search Alternatives},
  journal   = {In preparation},
  year      = {2013},
  owner     = {yaya},
  timestamp = {2013.05.18},
}

@Article{mighell2002lattice,
  author    = {Mighell, A. D.},
  title     = {Lattice Matching (LM)-Prevention of Inadvertent Duplicate Publications of Crystal Structures},
  journal   = {J. Res. Natl. Inst. Stand. Technol.},
  year      = {2002},
  volume    = {107},
  number    = {5},
  pages     = {425--430},
  publisher = {UNITED STATES DEPT OF COMMERCE N IS T},
}

@Article{Mighell2001,
  author    = {Mighell, A. D.},
  title     = {Lattice symmetry and identification-The fundamental role of reduced cells in materials characterization},
  journal   = {J. Res. Natl. Inst. Stand. Technol.},
  year      = {2001},
  volume    = {106},
  number    = {6},
  pages     = {983--996},
  owner     = {yaya},
  timestamp = {2012.11.03},
}

@InProceedings{Minor1997,
  author    = {W. Minor and Z. Otwinowski},
  title     = {Advances in accuracy and automation of data collection and processing},
  booktitle = {Proceedings of the IUCr computing school},
  year      = {1997},
  owner     = {yaya},
  timestamp = {2011.12.31},
}

@Article{Nash1956,
  author    = {Nash, J.},
  title     = {The imbedding problem for Riemannian manifolds},
  journal   = {Ann. of Math},
  year      = {1956},
  volume    = {63},
  number    = {1},
  pages     = {20 -- 63},
  owner     = {yaya},
  timestamp = {2012.10.29},
}


@Article{Oishi-Tomiyasu2012,
  author    = {R. Oishi-Tomiyasu},
  title     = {Rapid {Bravais}-lattice determination algorithm for lattice parameters containing large observation errors},
  journal   = {Acta Crystallogr.},
  year      = {2012},
  volume    = {A68},
  number    = {5},
  pages     = {525 -- 535},
  owner     = {yaya},
  publisher = {International Union of Crystallography},
  timestamp = {2012.10.29},
}

@article{patterson1952,
	title={An orthogonal unit vector triplet associated with a general lattice},
	author={Patterson, AL},
	journal={Acta Crystallographica},
	volume={5},
	number={6},
	pages={829--833},
	year={1952},
	publisher={International Union of Crystallography}
}

@Book{Pearson1958,
  title     = {Handbook of Lattice Spacings and Structures of Metals and Alloys},
  publisher = {Pergamon Press},
  year      = {1958},
  author    = {Pearson, W. B.},
  series    = {International Series of Monographs on Metal and Physics and Physical Metallurgy, G. V. Raynor (ed.)},
  owner     = {yaya},
  timestamp = {2013.05.25},
}

@TechReport{Ramraj2011,
  author      = {V. Ramraj and R. Esnouf and J. Diprose},
  title       = {{{Nearest-Cell} A fast and easy tool for locating crystal matches in the {PDB}}},
  institution = {Division of Structural Biology, University of Oxford},
  year        = {2011},
  url = {http://www.strubi.ox.ac.uk/nearest-cell/nearest-cell.cgi}},
  owner       = {yaya},
  timestamp   = {2013.05.18},
}

@InProceedings{Rodgers1992,
  author    = {J. R. Rodgers and Y. {Le\ Page}},
  title     = {{Robust and Discriminating Search Parameters for Lattice Retrieval from Crystallographic Databases in the Presences of Large Experimental Uncertainties}},
  booktitle = {American Crystallographic Association 1992 Annual Meeting and Pittsburgh Diffraction Conference 50th Annual Meeting, 9 -- 14 August 1992},
  year      = {1992},
  note      = {Poster Abstract PA106},
  owner     = {yaya},
  timestamp = {2012.10.31},
}

@TechReport{Roof1967,
  author      = {Roof, R. B. Jr.},
  title       = {Theoretical Extension of the Reduced-Cell Concept in Crystallography},
  institution = {Los Alamos Scientific Lab., NM},
  year        = {1967},
  number      = {LA-4038, TID-4500},
  url ={http://lib-www.lanl.gov/cgi-bin/getfile?00378045.pdf}},
  owner       = {yaya},
  timestamp   = {2011.11.06},
}

@Article{igut,
  author    = {Sch{\"u}ttelkopf, Alexander W and Harrison, Jennifer A and Boxer, David H and Hunter, William N},
  title     = {Passive Acquisition of Ligand by the MopII Molbindin fromClostridium pasteurianum: structures of apo and oxygen-bound forms},
  journal   = {J. Biol. Chem.},
  year      = {2002},
  volume    = {277},
  number    = {17},
  pages     = {15013--15020},
  owner     = {yaya},
  publisher = {ASBMB},
  timestamp = {2013.05.26},
}

@Article{1g2x,
  author    = {Singh, G. and Gourinath, S. and Saravanan, K. and Sharma, S. and Bhanumathi, S. and Betzel, Ch. and Srinivasan, A. and Singh, T. P.},
  title     = {Sequence-induced trimerization of phospholipase A2: structure of a trimeric isoform of PLA2 from common krait (Bungarus caeruleus) at 2.5 A resolution},
  journal   = {Acta Crystallogr.},
  year      = {2004},
  volume    = {F61},
  number    = {1},
  pages     = {8 -- 13},
  owner     = {yaya},
  publisher = {International Union of Crystallography},
  timestamp = {2013.05.26},
}

@Article{1u4j,
  author    = {Singh, G. and Gourinath, S. and Sarvanan, K. and Sharma, S. and Bhanumathi, S. and Betzel, Ch. and Yadav, S. and Srinivasan, A. and Singh, T. P.},
  title     = {{Crystal structure of a carbohydrate induced homodimer of phospholipase A2 from Bungarus caeruleus at 2.1A resolution}},
  journal   = {J. Struct. Biol.},
  year      = {2005},
  volume    = {149},
  number    = {3},
  pages     = {264 -- 272},
  owner     = {yaya},
  timestamp = {2013.05.26},
}

@Article{1fe5,
  author    = {Singh, G. and Gourinath, S. and Sharma, S. and Paramasivam, M. and Srinivasan, A. and Singh, T. P.},
  title     = {Sequence and crystal structure determination of a basic phospholipase A2 from common krait (< i> Bungarus caeruleus</i>) at 2.4 {\AA} resolution: identification and characterization of its pharmacological sites},
  journal   = {J. Mol. Biol.},
  year      = {2001},
  volume    = {307},
  number    = {4},
  pages     = {1049 -- 1059},
  owner     = {yaya},
  publisher = {Elsevier},
  timestamp = {2013.05.26},
}

@Book{Skiena2001,
  title     = {The algorithm design manual},
  publisher = {Springer, New York, NY, USA},
  year      = {2001},
  author    = {Skiena, S. S.},
  owner     = {yaya},
  timestamp = {2013.05.21},
}

@Article{Stewart1993,
  author    = {G. W. Stewart},
  title     = {On the early history of the singular value decomposition},
  journal   = {SIAM Review},
  year      = {1993},
  pages     = {551 -- 566},
  owner     = {yaya},
  timestamp = {2011.11.09},
}

@Article{Thomas2010,
  author    = {Thomas, I. R. and Bruno, I. J. and Cole, J. C. and Macrae, C. F. and Pidcock, E. and Wood, P. A.},
  title     = {{WebCSD}: the online portal to the {Cambridge Structural Database}},
  journal   = {J. Appl. Crystallogr.},
  year      = {2010},
  volume    = {43},
  number    = {2},
  pages     = {362--366},
  owner     = {yaya},
  publisher = {International Union of Crystallography},
  timestamp = {2013.05.18},
}

@Unpublished{Toby1994,
  author    = {B. Toby},
  note      = {Private Communication},
  year      = {1994},
  owner     = {yaya},
  timestamp = {2012.11.03},
}

@Article{Wong-Ng1982,
  author    = {Wong-Ng, W. and Holomany, M. and McClune, W.F. and Hubbard, C.R.},
  title     = {The JCPDS Database--Present and Future},
  journal   = {{Advances in X Ray Analysis}},
  year      = {1982},
  volume    = {26},
  pages     = {87},
  owner     = {yaya},
  publisher = {Plenum Press},
  timestamp = {2012.11.04},
}

@Book{wyckoff1931structure,
  title     = {The structure of crystals},
  publisher = {The Chemical Catalog Company, Inc.},
  year      = {1931},
  author    = {Wyckoff, R. W. G.},
  number    = {19},
}

@Article{Zimmermann1985,
  author    = {H. Zimmermann and H. Burzlaff},
  title     = {{{DELOS} -- A computer program for the determination of a unique conventional cell}},
  journal   = {Z.  Krystallogr.},
  year      = {1985},
  volume    = {170},
  pages     = {241 -- 246},
  owner     = {yaya},
  timestamp = {2011.12.31},
}

@InBook{ASocietyofGentlemen1771,
  chapter   = {Geography},
  pages     = {677},
  title     = {{Encyclop{\ae}dia Britannica or, a Dictionary of Arts and Sciences, Compiled upon a New Plan}},
  publisher = {A. Bell and C. Macfarquhar},
  year      = {1771},
  editor    = {{{A Society of Gentlemen in Scotland}}},
  volume    = {II},
  number    = {54},
  owner     = {yaya},
  timestamp = {2012.11.04},
}

@InBook{Henry1952,
  chapter   = {{5.1 Reduction of General Primitive Reciprocal-lattice Triplet to the Corresponding Conventional Bravais-lattice Triplet}},
  pages     = {530 -- 535},
  title     = {International tables for X-ray Crystallography},
  publisher = {Kynoch Press},
  year      = {1952},
  editor    = {Norman F. M. Henry and Kathleen Lonsdale},
  volume    = {I, Symmetry Groups},
  owner     = {yaya},
  timestamp = {2015.05.04},
}

@article{mcgill2014,
	title={The geometry of Niggli reduction: SAUC--search of alternative unit cells},
	author={McGill, Keith J and Asadi, Mojgan and Karakasheva, Maria T and Andrews, Lawrence C and Bernstein, Herbert J},
	journal={J. Appl. Crystallogr.},
	volume={47},
	number={1},
	pages={360--364},
	year={2014},
	publisher={International Union of Crystallography}
}

@article{oishi2014,
	title={Robust powder auto-indexing using many peaks},
	author={Oishi-Tomiyasu, R},
	journal={J. Appl. Crystallogr.},
	volume={47},
	number={2},
	pages={593--598},
	year={2014},
	publisher={International Union of Crystallography}
}

@Comment{jabref-meta: databaseType:bibtex;}
